<?xml version="1.0" encoding="UTF-8" ?>
<record Numero="14816633" format="InterXMarc_Complet" type="Authority">
<leader>00852c0 au22000272  45  <Pos Code="0004">00852</Pos>
<Pos Code="05" Sens="notice modifiée">c</Pos>
<Pos Code="06" Sens="notice validée par les services d&apos;autorité">0</Pos>
<Pos Code="08" Sens="notice d&apos;autorité">a</Pos>
<Pos Code="09" Sens="titre uniforme musical (TUM)">u</Pos>
<Pos Code="10">2</Pos>
<Pos Code="11">2</Pos>
<Pos Code="1216">00027</Pos>
<Pos Code="17" Sens="autres cas">2</Pos>
<Pos Code="20">4</Pos>
<Pos Code="21">5</Pos>
</leader>
<controlfield tag="001">FRBNF148166335<Pos Code="0001">FR</Pos>
<Pos Code="0204">BNF</Pos>
<Pos Code="0512">14816633</Pos>
<Pos Code="13">5</Pos>
</controlfield>
<controlfield tag="008">010315130314yy    dui       19500506                         1   <Pos Code="0001">01</Pos>
<Pos Code="0203">03</Pos>
<Pos Code="0405">15</Pos>
<Pos Code="0607">13</Pos>
<Pos Code="0809">03</Pos>
<Pos Code="1011">14</Pos>
<Pos Code="1213" Sens="ne s&apos;applique pas">yy</Pos>
<Pos Code="1820" Sens="duo instrumental">dui</Pos>
<Pos Code="2831">1950</Pos>
<Pos Code="3233">05</Pos>
<Pos Code="3435">06</Pos>
<Pos Code="61" Sens="La vedette peut être liée à une notice bibliographique sauf pour l&apos;accès matière RAMEAU">1</Pos>
</controlfield>
<datafield tag="048" ind1=" " ind2=" ">
	<subfield code="b">sa01<Pos Code="0001" Sens="cordes frottées - violon">sa</Pos>
<Pos Code="02">0</Pos>
<Pos Code="03">1</Pos>
</subfield>
	<subfield code="a">ka01<Pos Code="0001" Sens="clavier - piano">ka</Pos>
<Pos Code="02">0</Pos>
<Pos Code="03">1</Pos>
</subfield>
</datafield>
<datafield tag="100" ind1=" " ind2=" ">
	<subfield code="3">13891862</subfield>
	<subfield code="w">.0..b.....</subfield>
	<subfield code="a">Britten</subfield>
	<subfield code="m">Benjamin</subfield>
	<subfield code="d">1913-1976</subfield>
</datafield>
<datafield tag="144" ind1="1" ind2=" ">
	<subfield code="w">....b.lat.</subfield>
	<subfield code="a">Lachrymae</subfield>
	<subfield code="b">Alto, piano</subfield>
	<subfield code="p">Op. 48</subfield>
</datafield>
<datafield tag="301" ind1="2" ind2=" ">
	<subfield code="3">13909146</subfield>
	<subfield code="a">Britten</subfield>
	<subfield code="m">Benjamin</subfield>
	<subfield code="d">1913-1976</subfield>
	<subfield code="t">[Lachrymae. Alto, orchestre à cordes. Op. 48a]</subfield>
</datafield>
<datafield tag="600" ind1=" " ind2=" ">
	<subfield code="a">Sur une mélodie de John Dowland</subfield>
	<subfield code="a">Date de composition : 6 mai 1950</subfield>
	<subfield code="a">1re exécution : Aldeburgh Festival, 20 janvier 1950, par William Primrose (alto) et le compositeur (piano)</subfield>
</datafield>
<datafield tag="600" ind1=" " ind2=" ">
	<subfield code="a">Il existe un arrangement pour violon et petit orchestre à cordes (Op. 48a)</subfield>
</datafield>
<datafield tag="610" ind1=" " ind2=" ">
	<subfield code="a">Britten thematic catalogue, Britten-Pears Foundation</subfield>
	<subfield code="u">http://www.brittenpears.org</subfield>
	<subfield code="d">2013-03-14</subfield>
</datafield>
<datafield tag="610" ind1=" " ind2=" ">
	<subfield code="a">Grove music online</subfield>
	<subfield code="u">http://www.oxfordmusiconline.com</subfield>
	<subfield code="d">2013-03-14</subfield>
</datafield>
<datafield tag="917" ind1=" " ind2=" ">
	<subfield code="o">OPD</subfield>
	<subfield code="a">100428170</subfield>
	<subfield code="b">ATUM</subfield>
</datafield>
<datafield tag="917" ind1=" " ind2=" ">
	<subfield code="o">OPC</subfield>
	<subfield code="a">100376560</subfield>
</datafield>
<datafield tag="996" ind1=" " ind2=" ">
	<subfield code="o">OPP</subfield>
	<subfield code="a">13909145</subfield>
	<subfield code="d">20130314</subfield>
</datafield>
<Attr Nom="IDPerenne">ark:/12148/cb14816633c</Attr>
<Attr Nom="NumSource">OPD 100428170</Attr>
<Attr Nom="Source" Sens="BnF catalogue général (depuis 1999)">A</Attr>
<Attr Nom="NumAutoriteLiee">13891862</Attr>
<Attr Nom="DateCreation">15/03/ 2001</Attr>
<Attr Nom="ResponsableCreation">MIGV3</Attr>
<Attr Nom="StructCreation">1</Attr>
<Attr Nom="DateDerniereValidation">14/03/ 2013</Attr>
<Attr Nom="ResponsableDerniereValidation">PUYRENIER FREDERIC</Attr>
<Attr Nom="StructPremiereValidation">1</Attr>
<Attr Nom="DatePremiereValidation">15/03/ 2001</Attr>
<Attr Nom="ResponsablePremiereValidation">MIGV3</Attr>
<Attr Nom="StructDerniereValidation">82</Attr>
<Attr Nom="NumSource" Rep="1">OPC 100376560</Attr>
<Attr Nom="NumSource" Rep="2">OPP 13909145</Attr>
</record>
